@article{TempGlobal,
    journal = {Journal of Geophysical Research: Atmospheres},
    keywords = {climate, historical temperature, near surface temperature, observational ensemble},
    doi = {10.1029/2011JD017187},
    title = {Quantifying uncertainties in global and regional temperature change using an ensemble of observational estimates: The HadCRUT4 data set},
    year = {2012},
    volume = {117},
    number = {D8},
    pages = {},
    author = {Morice, Colin P. and Kennedy, John J. and Rayner, Nick A. and Jones, Phil D.},
}

@article{EstimadoTemp,
    author = {UNEP, UNEP Copenhagen Climate Centre (UNEP-CCC)},
    title = {Emissions Gap Report 2021: The Heat Is On – A World of Climate
Promises Not Yet Delivered – Executive Summary},
    journal = {United Nations Environment Programme},
    year = {2021},
}

@book{ProdEnergia,
    author = {Smil, V.},
    publisher = {ABC-CLIO, LLC.},
    year = {2016},
    title = {Energy Transitions: Global and National Perspectives, 2nd Edition},
    isbn = {978-1440853241},
}

@book{HybridEnergySystems,
    isbn = {978-0-12-821403-9},
    year = {2020},
    publisher = {Academic Press},
    author = {Berrada, Asmae and Mrabet, El Rachid},
    address = {Amsterdam},
    title = {Hybrid Energy System Models},
}

@article{Talpone2012,
    pages = {10346 - 10353},
    journal = {International Journal of Hydrogen Energy},
    title = {Experimental platform for development and Evaluation
of hybrid generation systems based on fuel cells},
    author = {Talpone, J.J. and Puleston, P.F. and Moré, J.J. and Griñó, R. and Cendoya, M.R.},
    year = {2012},
    volume = {37},
}

@article{FIAnderson2019,
    title = {Control de Sistema Híbrido de Energía Basado en Pilas de Combustible
 y Supercapacitores},
    author = {Anderson, Jorge L. and Puleston, Paul F. and Fornaro, Pedro},
}
