@article{TempGlobal,
    year = {2012},
    doi = {10.1029/2011JD017187},
    author = {Morice, Colin P. and Kennedy, John J. and Rayner, Nick A. and Jones, Phil D.},
    pages = {},
    volume = {117},
    number = {D8},
    keywords = {climate, historical temperature, near surface temperature, observational ensemble},
    journal = {Journal of Geophysical Research: Atmospheres},
    title = {Quantifying uncertainties in global and regional temperature change using an ensemble of observational estimates: The HadCRUT4 data set},
}

@article{EstimadoTemp,
    title = {Emissions Gap Report 2021: The Heat Is On – A World of Climate
Promises Not Yet Delivered – Executive Summary},
    journal = {United Nations Environment Programme},
    author = {UNEP, UNEP Copenhagen Climate Centre (UNEP-CCC)},
    year = {2021},
}

@book{ProdEnergia,
    author = {Smil, V.},
    publisher = {ABC-CLIO, LLC.},
    title = {Energy Transitions: Global and National Perspectives, 2nd Edition},
    isbn = {978-1440853241},
    year = {2016},
}

@book{HybridEnergySystems,
    year = {2020},
    title = {Hybrid Energy System Models},
    address = {Amsterdam},
    publisher = {Academic Press},
    isbn = {978-0-12-821403-9},
    author = {Berrada, Asmae and Mrabet, El Rachid},
}

@article{Talpone2012,
    author = {Talpone, J.J. and Puleston, P.F. and Moré, J.J. and Griñó, R. and Cendoya, M.R.},
    volume = {37},
    pages = {10346 - 10353},
    year = {2012},
    title = {Experimental platform for development and Evaluation
of hybrid generation systems based on fuel cells},
    journal = {International Journal of Hydrogen Energy},
}

@article{FIAnderson2019,
    author = {Anderson, Jorge L. and Puleston, Paul F. and Fornaro, Pedro},
    title = {Control de Sistema Híbrido de Energía Basado en Pilas de Combustible
 y Supercapacitores},
}

@article{FC-FundAndAppl,
    author = {Carrette, L. and Friedrich, K.A. and Stimming, U.},
    title = {Fuel Cells - Fundamentals and Applications},
    year = {2001},
}

@book{FCHandbook,
    author = {EG\&G Technical Services Inc.},
    month = {},
    year = {2004},
    title = {Fuel Cell Handbook (Seventh Edition)},
}

@book{FCSysExplained,
    title = {Fuel Cell Systems Explained},
    isbn = {9781118706992},
    doi = {10.1002/9781118706992},
    publisher = {John Wiley \& Sons, Ltd},
    year = {2018},
    author = {Dicks, Andrew L. and Rand, David A.J.},
}

@other{HSeriesBrochure,
    title = {H-Series Fuel Cell Stacks - Open-cathode PEM
fuel cells},
    author = {Horizon Educational},
}

@article{Argencon2018,
    year = {2018},
    title = {Diseño y validación experimental de un
 Controlador Super-Twisting aplicado a un Módulo
 de Pila de Combustible},
    author = {Anderson, J.L. and Moré, J.J. and Puleston, P.F.},
}

@book{PotenciaHart,
    publisher = {McGraw Hill},
    isbn = {978-0-07-338067-4},
    year = {2011},
    title = {Power Electronics},
    author = {Hart, Daniel W.},
}

@book{RashidPotencia,
    publisher = {Academic Press},
    year = {2007},
    author = {Rashid, Muhammad H.},
    title = {Power Electronics Handbook},
    isbn = {978-0-12-088479-7},
}

@book{SoftSwitchPWM,
    publisher = {John Wiley \& Sons, Ltd},
    year = {2014},
    author = {Ruan, Xinbo},
    title = {Soft-Switching PWM Full-Bridge Converters - Topologies, Control and Design},
    isbn = {978-1-118-70220-8},
}

@book{PowerElecRenewableEnergySystems,
    doi = {10.1007/978-1-4471-5104-3},
    title = {Power Electronics for Renewable and Distributed Energy Systems - A Sourcebook of Topologies, Control and Integration},
    author = {Chakraborty, Sudipta and Simões, Marcelo G. and Kramer, William E.},
    isbn = {978-1-4471-5104-3},
    year = {2013},
}

@misc{DatasheetIRFP150,
    author = {International Rectifier},
    year = {},
    title = {IRFP150N - HEXFET® Power MOSFET},
}

@other{MUR860,
    title = {MUR805G, MUR810G,
 MUR815G, MUR820G, 
MUR840G, MUR860G,
 MURF860G, SUR8820G,
 SUR8840G - Switched-mode Power Rectifiers},
    author = {ON Semiconductor},
}

@article{SinkSourceCurrent,
    title = {Understanding Peak Source and Sink Current Parameters - Texas Instruments},
    author = {Begue, Mateo},
    journal = {TI TechNotes},
    year = {2020},
}

@other{DatasheetDriver,
    author = {Infineon Technologies},
    title = {2ED2183 (4) S06F (J) - 650 V half-bridge gate driver with integrated bootstrap diode},
    year = {2021},
}

@techreport{Bootstrap,
    author = {Diallo, Mamadou},
    title = {Application Report: Bootstrap Circuitry Selection for Half-Bridge
 Configurations - SLUA887 - Texas Instruments},
    month = {},
    year = {2018},
}

@article{CurrentSensing,
    doi = {10.1109/JSEN.2009.2013914},
    year = {2009},
    title = {Current Sensing Techniques: A Review},
    author = {Ziegler, Silvio and Woodward, Robert C. and Iu, Herbert Ho-Ching and Borle, Lawrence J.},
    number = {4},
    pages = {354-376},
    journal = {IEEE Sensors Journal},
    volume = {9},
}

@article{Caravelli-Irusta,
    author = {Caravelli, Emanuel and Irusta, Gonzalo M.},
    year = {2011},
    pages = {137-142},
    title = {Diseño y Control de una Etapa de Potencia para una Pila de Combustible Tipo PEM},
}

@other{TMCS1100,
    year = {2021},
    author = {Texas Instruments},
    title = {TMCS1100 1\% High Precision, Basic Isolation Hall-Effect Current Sensor With $\pm$600-V
 Working Voltage},
}

@other{LM5056A,
    author = {Texas Instruments},
    title = {LM5056, LM5056A - High-Voltage System Power Management Device with PMBus\textsuperscript{TM}},
    year = {2013},
}

@techreport{I2C,
    author = {Valdez, Jonathan and Becker, Jared},
    title = {Understanding the $I^2C$ Bus - Texas Instruments},
    year = {2015},
}